@article{article,
  author = {Azeem, Shaikh and Sharma, Satyendra},
  year = {2019},
  month = {09},
  pages = {900},
  title = {Study of Converged Infrastructure \& Hyper Converge Infrastructre As Future of Data Centre},
  volume = {8},
  journal = {International Journal of Advanced Computer Research},
  doi = {10.26483/ijarcs.v8i5.3476}
}

@misc{AHRQ,
  author = {{AHRQ}},
  title = {{AHRQ - Quality Indicators}},
  howpublished = {{Qualityindicators.ahrq.gov}},
  year = {2022},
  url = {https://qualityindicators.ahrq.gov/software/sas_qi},
  urldate = {2023-06-26}
}

@misc{AWS,
  author = {{AWS}},
  title = {{AWS Identity \& Access Management}},
  howpublished = {{Amazon Web Services, Inc.}},
  year = {2017},
  url = {https://aws.amazon.com/iam/},
  urldate = {2023-06-26}
}

@misc{Billmath,
  author = {Billmath},
  title = {{What Is Identity Lifecycle Management with Azure Active Directory? - Microsoft Entra}},
  howpublished = {{Learn.microsoft.com}},
  year = {15 Mar. 2023},
  url = {https://learn.microsoft.com/en-us/azure/active-directory/governance/what-is-identity-lifecycle-management},
  urldate = {2023-06-26}
}

@misc{CDC,
  author = {{CDC}},
  title = {{Self-Directed and STD-Focused SAS Instruction (SASSI)}},
  howpublished = {{www.cdc.gov}},
  year = {5 Aug. 2021},
  url = {https://www.cdc.gov/std/sassi/default.htm},
  urldate = {2023-06-27}
}

@misc{CMS,
  author = {{CMS}},
  title = {{QualityNet Home}},
  howpublished = {{Qualitynet.cms.gov}},
  year = {2022},
  url = {https://qualitynet.cms.gov/outpatient/public-reporting/overall-ratings/sas},
  urldate = {2023-06-27}
}

@misc{David-Engel,
  author = {David-Engel},
  title = {{What Is ODBC? - ODBC API Reference}},
  howpublished = {{Learn.microsoft.com}},
  year = {28 Feb. 2023},
  url = {https://learn.microsoft.com/en-us/sql/odbc/reference/what-is-odbc?view=sql-server-ver16},
  urldate = {2023-06-28}
}

@article{Goel,
  author = {Goel, Jai Narayan and Mehtre, B.M.},
  title = {{Vulnerability Assessment \& Penetration Testing as a Cyber Defence Technology}},
  journal = {Procedia Computer Science},
  volume = {57},
  year = {2015},
  pages = {710--715},
  doi = {10.1016/j.procs.2015.07.458}
}

@misc{Google,
  author = {{Google}},
  title = {{What Is Data Governance?}},
  howpublished = {{Google Cloud}},
  url = {https://cloud.google.com/learn/what-is-data-governance},
  urldate = {2023-06-28}
}

@misc{IBM,
  author = {{IBM}},
  title = {{What Is Encryption? Data Encryption Defined}},
  howpublished = {{www.ibm.com}},
  year = {2022},
  url = {https://www.ibm.com/topics/encryption},
  urldate = {2023-06-28}
}

@misc{IBM2,
  author = {{IBM}},
  title = {{ETL (Extract, Transform, Load)}},
  howpublished = {{www.ibm.com}},
  year = {2022},
  url = {https://www.ibm.com/topics/etl},
  urldate = {2023-06-28}
}

@article{Khatri,
  author = {Khatri, Vijay and Brown, Carol V.},
  title = {{Designing Data Governance}},
  journal = {Communications of the ACM},
  volume = {53},
  number = {1},
  year = {2010},
  pages = {148},
  doi = {10.1145/1629175.1629210}
}

@misc{MicrosoftSecurity,
  author = {{Microsoft Security}},
  title = {{What Is Identity Access Management (IAM)? | Microsoft Security}},
  howpublished = {{www.microsoft.com}},
  url = {https://www.microsoft.com/en-us/security/business/security-101/what-is-identity-access-management-iam},
  urldate = {2023-06-28}
}

@misc{Murray1,
  author = {Mike Murray},
  title = {How vMotion Works! (vMotion Explained)},
  howpublished = {The Geek Pub},
  month = {April},
  year = {2017},
  url = {https://www.thegeekpub.com/8407/how-vmotion-works/}
}

@misc{SAS1,
  author = {{SAS}},
  title = {{Base SAS}},
  howpublished = {{Support.sas.com}},
  url = {https://support.sas.com/en/software/base-sas-support.html},
  urldate = {2023-06-27}
}

@misc{SAS2,
  author = {{SAS}},
  title = {{Introduction to SAS Cloud Analytic Services}},
  howpublished = {{Documentation.sas.com}},
  year = {5 Apr. 2023},
  url = {https://documentation.sas.com/doc/en/lrcon/9.4/n1pua5nh2ivdegn1qmt6q5zeolcb.htm},
  urldate = {2023-06-27}
}

@misc{SAS3,
  author = {{SAS}},
  title = {{Programming Documentation for SAS® 9.4 and SAS® Viya® 3.5}},
  howpublished = {{Documentation.sas.com}},
  year = {31 Mar. 2021},
  url = {https://documentation.sas.com/doc/en/pgmsascdc/9.4_3.5/pgmsashome/home.htm}
}

@misc{SAS4,
  author = {{SAS}},
  title = {{Programming Documentation for the SAS® Viya® Platform}},
  howpublished = {{Go.documentation.sas.com}},
  year = {1 June 2023},
  url = {https://go.documentation.sas.com/doc/en/pgmsascdc/v_040/pgmsaswlcm/titlepage.htm},
  urldate = {2023-06-27}
}

@misc{SecretDoubleOctopus,
  author = {{Secret Double Octopus}},
  title = {{What Is LDAP \& Active Directory? How LDAP Works | Security Wiki}},
  howpublished = {{doubleoctopus.com}},
  url = {https://doubleoctopus.com/security-wiki/protocol/lightweight-directory-access-protocol},
  urldate = {2023-06-27}
}

@misc{TASI,
  author = {{TASI/PHIDC}},
  title = {{TASI/PHIDC}},
  howpublished = {{Social Science Research Institute}},
  url = {https://ssri.manoa.hawaii.edu/tasi-phidc/},
  urldate = {2023-06-26}
}

@misc{Teachey,
  author = {Teachey, Daniel},
  title = {{Data Governance Framework: What Is It and Do I Already Have One?}},
  howpublished = {{Sas.com}},
  year = {2019},
  url = {https://www.sas.com/en_us/insights/articles/data-management/what-is-a-data-governance-framework.html}
}

@misc{USDHHS,
  author = {{U.S. Department of Health \& Human Services}},
  title = {{HIPAA for Professionals}},
  howpublished = {{HHS.gov}},
  year = {2021},
  url = {https://www.hhs.gov/hipaa/for-professionals/index.html}
}

@misc{VMware,
  author = {{VMware}},
  title = {{VMware vSphere Documentation}},
  howpublished = {{Vmware.com}},
  year = {2019},
  url = {https://docs.vmware.com/en/VMware-vSphere/index.html}
}

@misc{VMware2,
  author = {VMware},
  title = {What's New in vSphere 6.5: vCenter Management Clients},
  howpublished = {VMware vSphere Blog},
  month = {December},
  year = {2016},
  url = {https://blogs.vmware.com/vsphere/2016/12/new-vcenter-management-clients-vsphere-6-5.html},
  note = {Accessed on 27th June 2023}
}
@misc{VMware3,
  author = {{VMware}},
  title = {vSAN Deployment Options},
  howpublished = {Vmware.com},
  year = {2023},
  url = {https://docs.vmware.com/en/VMware-vSphere/7.0/com.vmware.vsphere.vsan-planning.doc/GUID-A80526C8-A941-4F84-9D44-D4B8B3914A95.html},
}
